@book {
    Russel2020,
    title = {Artificial Intelligence: A Modern Approach},
    author = {Russel, Stuart and Norvig, Peter},
    edition = 4,
    publisher = {Pearson},
    year = 2020,
    isbn = {978-0134610993}
}
