@book {
    Russel2020,
    title = {Artificial Intelligence: A Modern Approach},
    author = {Russel, Stuart and Norvig, Peter},
    edition = 4,
    publisher = {Pearson},
    year = 2020,
    isbn = {978-0134610993}
}
@online{mnistImage,
  author       = {Suvanjanprasi},
  title        = {MNIST dataset example},
  year         = {2024},
  date         = {2024-12-02},
  url          = {https://commons.wikimedia.org/wiki/File:MNIST_dataset_example.png},
  note         = {Image licensed under CC BY-SA 4.0 via Wikimedia Commons},
  organization = {Wikimedia Commons}
}
